@misc{doherty_gene_2007,
	title = {Gene Prediction with Conditional Random Fields},
	url = {http://www.broad.mit.edu/annotation/conrad/md_thesis.pdf},
	author = {Matthew Doherty},
	year = {2007}
}
@book{wtherich_die_2008,
	title = {Die {OSGi} Service Platform - Eine Einführung mit Eclipse Equinox},
	isbn = {978-3-89864-457-0},
	publisher = {dpunkt.verlag},
	author = {Gerd Wütherich and Nils Hartmann and Matthias Lübken},
	year = {2008}
}